<record><leader>00000cas a22000007a 4500</leader><controlfield tag="001">25677787</controlfield><controlfield tag="008">920420d19211926ctudr ne      0    0eng d</controlfield><datafield ind1=" " ind2=" " tag="010"><subfield code="a">sn 92051216 </subfield></datafield><datafield ind1=" " ind2=" " tag="040"><subfield code="a">CNW</subfield><subfield code="b">eng</subfield><subfield code="c">CNW</subfield><subfield code="d">OCLCQ</subfield><subfield code="d">OCLCF</subfield><subfield code="d">OCLCO</subfield></datafield><datafield ind1=" " ind2=" " tag="042"><subfield code="a">msc</subfield></datafield><datafield ind1=" " ind2=" " tag="043"><subfield code="a">n-us-ct</subfield></datafield><datafield ind1="0" ind2=" " tag="130"><subfield code="a">Bridgeport star (Bridgeport, Conn. : 1921)</subfield></datafield><datafield ind1="1" ind2="4" tag="245"><subfield code="a">The Bridgeport star.</subfield></datafield><datafield ind1="1" ind2="7" tag="246"><subfield code="a">Bridgeport evening star</subfield></datafield><datafield ind1=" " ind2=" " tag="260"><subfield code="a">Bridgeport, Conn. :</subfield><subfield code="b">[s.n.]</subfield></datafield><datafield ind1=" " ind2=" " tag="300"><subfield code="a">v.</subfield></datafield><datafield ind1=" " ind2=" " tag="310"><subfield code="a">Daily (except Sun.)</subfield></datafield><datafield ind1="0" ind2=" " tag="362"><subfield code="a">Vol. 3, no. 255 (Oct. 31, 1921)-v. 8, no. 259 (Oct. 30, 1926).</subfield></datafield><datafield ind1=" " ind2="0" tag="651"><subfield code="a">Bridgeport (Conn.)</subfield><subfield code="v">Newspapers.</subfield></datafield><datafield ind1=" " ind2="7" tag="655"><subfield code="a">Newspapers.</subfield><subfield code="2">fast</subfield><subfield code="0">(OCoLC)fst01423814</subfield></datafield><datafield ind1=" " ind2="7" tag="651"><subfield code="a">Connecticut</subfield><subfield code="z">Bridgeport.</subfield><subfield code="2">fast</subfield><subfield code="0">(OCoLC)fst01209541</subfield></datafield><datafield ind1=" " ind2=" " tag="752"><subfield code="a">United States</subfield><subfield code="b">Connecticut</subfield><subfield code="c">Fairfield</subfield><subfield code="d">Bridgeport.</subfield></datafield><datafield ind1="0" ind2="0" tag="780"><subfield code="t">Bridgeport evening star and evening herald</subfield><subfield code="w">(DLC)sn 92051215</subfield><subfield code="w">(OCoLC)25558373</subfield></datafield><datafield ind1="0" ind2="7" tag="785"><subfield code="t">Bridgeport times, evening farmer</subfield><subfield code="w">(DLC)sn 92051230</subfield><subfield code="w">(OCoLC)25677748</subfield></datafield><datafield ind1="0" ind2="7" tag="785"><subfield code="t">Bridgeport times, the Bridgeport star</subfield><subfield code="w">(DLC)sn 92051231</subfield><subfield code="w">(OCoLC)25719520</subfield></datafield></record>